<record><leader>00000cas a2200000 a 4500</leader><controlfield tag="001">10602765</controlfield><controlfield tag="008">840406d18551861mdudn ne      0    0eng  </controlfield><datafield ind1=" " ind2=" " tag="010"><subfield code="a">sn 84020343 </subfield></datafield><datafield ind1=" " ind2=" " tag="040"><subfield code="a">DLC</subfield><subfield code="b">eng</subfield><subfield code="c">DLC</subfield><subfield code="d">NPX</subfield><subfield code="d">MFN</subfield><subfield code="d">DLC</subfield><subfield code="d">MGN</subfield><subfield code="d">OCL</subfield><subfield code="d">OCLCQ</subfield><subfield code="d">OCLCO</subfield><subfield code="d">OCLCF</subfield></datafield><datafield ind1="1" ind2=" " tag="029"><subfield code="a">AU@</subfield><subfield code="b">000025808699</subfield></datafield><datafield ind1=" " ind2=" " tag="042"><subfield code="a">pcc</subfield></datafield><datafield ind1=" " ind2=" " tag="043"><subfield code="a">n-us-md</subfield></datafield><datafield ind1="0" ind2="0" tag="050"><subfield code="a">Newspaper</subfield></datafield><datafield ind1="0" ind2="4" tag="245"><subfield code="a">The daily Baltimore Republican.</subfield></datafield><datafield ind1="3" ind2="0" tag="246"><subfield code="a">Baltimore Republican</subfield></datafield><datafield ind1=" " ind2=" " tag="260"><subfield code="a">Baltimore, Md. :</subfield><subfield code="b">B.H. Richardson,</subfield><subfield code="c">1855-1861.</subfield></datafield><datafield ind1=" " ind2=" " tag="300"><subfield code="a">v.</subfield></datafield><datafield ind1=" " ind2=" " tag="310"><subfield code="a">Daily (except Sunday)</subfield></datafield><datafield ind1="0" ind2=" " tag="362"><subfield code="a">Vol. 42, no. 17,215 (Apr. 4, 1855)-v. 69, no. 19,191 (June 8, 1861).</subfield></datafield><datafield ind1=" " ind2=" " tag="500"><subfield code="a">Published as: Baltimore Republican, Jan. 1-9, 1857.</subfield></datafield><datafield ind1=" " ind2=" " tag="515"><subfield code="a">Published an extra for June 9, 1861 with title: Republican-extra.</subfield></datafield><datafield ind1=" " ind2="0" tag="651"><subfield code="a">Baltimore (Md.)</subfield><subfield code="v">Newspapers.</subfield></datafield><datafield ind1=" " ind2="7" tag="655"><subfield code="a">Newspapers.</subfield><subfield code="2">fast</subfield><subfield code="0">(OCoLC)fst01423814</subfield></datafield><datafield ind1=" " ind2="7" tag="651"><subfield code="a">Maryland</subfield><subfield code="z">Baltimore.</subfield><subfield code="2">fast</subfield><subfield code="0">(OCoLC)fst01204292</subfield></datafield><datafield ind1=" " ind2=" " tag="752"><subfield code="a">United States</subfield><subfield code="b">Maryland</subfield><subfield code="d">Baltimore.</subfield></datafield><datafield ind1="0" ind2=" " tag="775"><subfield code="t">Baltimore weekly argus</subfield><subfield code="w">(DLC)sn 87090494</subfield></datafield><datafield ind1="0" ind2="0" tag="780"><subfield code="t">Republican and argus (Baltimore, Md. : 1853)</subfield><subfield code="w">(DLC)sn 84020342</subfield></datafield><datafield ind1="0" ind2="0" tag="785"><subfield code="t">Baltimore Republican (Baltimore, Md. : 1861)</subfield><subfield code="w">(DLC)sn 84020344</subfield></datafield></record>